<?xml version="1.0"?>
<record xmlns="http://www.loc.gov/MARC21/slim">
  <leader>05080cam a22008651i 4500</leader>
  <controlfield tag="001">makersofcanadaba14unse</controlfield>
  <controlfield tag="003">CaSfIA</controlfield>
  <controlfield tag="005">20160802133549.0</controlfield>
  <controlfield tag="007">cr||||||||||||</controlfield>
  <controlfield tag="008">810915s1910    onca              0 eng x</controlfield>
  <datafield tag="035" ind1=" " ind2=" ">
    <subfield code="a">ocm71380256</subfield>
  </datafield>
  <datafield tag="040" ind1=" " ind2=" ">
    <subfield code="b">eng</subfield>
    <subfield code="d">CaSfIA</subfield>
  </datafield>
  <datafield tag="043" ind1=" " ind2=" ">
    <subfield code="a">n-cn---</subfield>
  </datafield>
  <datafield tag="049" ind1=" " ind2=" ">
    <subfield code="a">AEU</subfield>
    <subfield code="b">eng</subfield>
  </datafield>
  <datafield tag="050" ind1=" " ind2="4">
    <subfield code="a">FC25</subfield>
    <subfield code="b">.M33 1910</subfield>
  </datafield>
  <datafield tag="090" ind1="1" ind2="0">
    <subfield code="a">FC 25 M23 1910</subfield>
    <subfield code="b">AEU</subfield>
  </datafield>
  <datafield tag="245" ind1="0" ind2="4">
    <subfield code="a">The Makers of Canada.</subfield>
    <subfield code="h">[electronic resource] </subfield>
  </datafield>
  <datafield tag="250" ind1=" " ind2=" ">
    <subfield code="a">[Canadian Club edition].</subfield>
  </datafield>
  <datafield tag="260" ind1=" " ind2=" ">
    <subfield code="a">Toronto :</subfield>
    <subfield code="b">Morang,</subfield>
    <subfield code="c">1910.</subfield>
  </datafield>
  <datafield tag="300" ind1=" " ind2=" ">
    <subfield code="a">21 v. ;</subfield>
    <subfield code="c">22 cm.</subfield>
  </datafield>
  <datafield tag="336" ind1=" " ind2=" ">
    <subfield code="a">text</subfield>
    <subfield code="b">txt</subfield>
    <subfield code="2">rdacontent</subfield>
  </datafield>
  <datafield tag="337" ind1=" " ind2=" ">
    <subfield code="a">unmediated</subfield>
    <subfield code="b">n</subfield>
    <subfield code="2">rdamedia</subfield>
  </datafield>
  <datafield tag="338" ind1=" " ind2=" ">
    <subfield code="a">volume</subfield>
    <subfield code="b">nc</subfield>
    <subfield code="2">rdacarrier</subfield>
  </datafield>
  <datafield tag="505" ind1="0" ind2="0">
    <subfield code="g">v. 1.</subfield>
    <subfield code="t">Champlain /</subfield>
    <subfield code="r">by N.E. Dionne.--</subfield>
    <subfield code="g">v. 2.</subfield>
    <subfield code="t">Bishop Laval /</subfield>
    <subfield code="r">by A. Leblond de Brumath.--</subfield>
    <subfield code="g">v. 3.</subfield>
    <subfield code="t">Count Fontenac /</subfield>
    <subfield code="r">by W.D. LeSueur.--</subfield>
    <subfield code="g">v. 4.</subfield>
    <subfield code="t">Wolfe and Montcalm /</subfield>
    <subfield code="r">by H.R. Casgrain.--</subfield>
    <subfield code="g">v. 5.</subfield>
    <subfield code="t">Lord Dorchester /</subfield>
    <subfield code="r">by A.G. Bradley.--</subfield>
    <subfield code="g">v. 6.</subfield>
    <subfield code="t">Sir Frederick Haldimand /</subfield>
    <subfield code="r">by J.N. McIlwraith.--</subfield>
    <subfield code="g">v. 7.</subfield>
    <subfield code="t">John Graves Simcoe /</subfield>
    <subfield code="r">by D.C. Scott.--</subfield>
    <subfield code="r">v. 8.</subfield>
    <subfield code="t">Mackenzie ; Selkirk ; Simpson /</subfield>
    <subfield code="r">by George Bryce.--</subfield>
    <subfield code="g">v. 9.</subfield>
    <subfield code="t">General Brock /</subfield>
    <subfield code="r">by Lady Edgar.--</subfield>
    <subfield code="g">v. 10.</subfield>
    <subfield code="t">Papineau ; Cartier /</subfield>
    <subfield code="r">by A.D. DeCelles.--</subfield>
    <subfield code="g">v. 11.</subfield>
    <subfield code="t">William Lyon Mackenzie /</subfield>
    <subfield code="r">by Charles Lindsey.--</subfield>
    <subfield code="g">v. 12.</subfield>
    <subfield code="t">Joseph Howe /</subfield>
    <subfield code="r">by J.W. Longley.--</subfield>
    <subfield code="g">v. 13.</subfield>
    <subfield code="t">Egerton Ryerson /</subfield>
    <subfield code="r">by Nathanael Burwash.--</subfield>
    <subfield code="g">v. 14.</subfield>
    <subfield code="t">Baldwin ; Lafontaine ; Hincks /</subfield>
    <subfield code="r">by Stephen Leacock.--</subfield>
    <subfield code="g">v. 15.</subfield>
    <subfield code="t">Lord Sydenham /</subfield>
    <subfield code="r">by Adam Shortt.--</subfield>
    <subfield code="g">v. 16.</subfield>
    <subfield code="t">Lord Elgin /</subfield>
    <subfield code="r">by J.G. Bourinot.--</subfield>
    <subfield code="g">v. 17.</subfield>
    <subfield code="t">Wilmont and Tilley /</subfield>
    <subfield code="r">by James Hannay.--</subfield>
    <subfield code="g">v. 18.</subfield>
    <subfield code="t">Sir John A. MacDonald /</subfield>
    <subfield code="r">by G.R. Parkin.--</subfield>
    <subfield code="g">v. 19.</subfield>
    <subfield code="t">George Brown /</subfield>
    <subfield code="r">by John Lewis.--</subfield>
    <subfield code="g">v. 20.</subfield>
    <subfield code="t">Sir James Douglas /</subfield>
    <subfield code="r">by R.H. Coats and R.E. Gosnell.--</subfield>
    <subfield code="g">v. 21.</subfield>
    <subfield code="t">Index and dictionary of Canadian history /</subfield>
    <subfield code="r">edited by L.J. Burpee and A.G. Doughty.</subfield>
  </datafield>
  <datafield tag="596" ind1=" " ind2=" ">
    <subfield code="a">38 41 43</subfield>
  </datafield>
  <datafield tag="651" ind1=" " ind2="0">
    <subfield code="a">Canada</subfield>
    <subfield code="v">Biography.</subfield>
  </datafield>
  <datafield tag="651" ind1=" " ind2="0">
    <subfield code="a">Canada</subfield>
    <subfield code="x">History.</subfield>
  </datafield>
  <datafield tag="856" ind1="4" ind2="1">
    <subfield code="u">http://archive.org/details/makersofcanadaba14unse</subfield>
    <subfield code="z">Free eBook from the Internet Archive</subfield>
    <subfield code="3">Volume 14</subfield>
  </datafield>
</record>
